% Encoding: UTF-8

@Misc{openflowireless,
  howpublished = {\url{https://forum.stanford.edu/events/2010/2010slides/cleanslatePOMI/POMI2010Guru.pdf}},
  note         = {(Accessed on 06/29/2020)},
  title        = {OpenFlow-wireless-POMI-workshop2010-v2-1},
  url          = {https://forum.stanford.edu/events/2010/2010slides/cleanslatePOMI/POMI2010Guru.pdf},
}

@Book{team2014ryu,
  author    = {team, R.},
  publisher = {RYU project team},
  title     = {RYU SDN Framework - English Edition},
  year      = {2014},
  series    = {Release 1.0},
  url       = {https://books.google.es/books?id=JC3rAgAAQBAJ},
}

@Article{VALENCIA2015,
  author    = {Valencia, B AND Santacruz, S AND Becerra, L.Y AND Padilla, J.J},
  journal   = {{Entre Ciencia e Ingeniería}},
  title     = {{Mininet: una herramienta versátil para emulación y prototipado de Redes Definidas por Software}},
  year      = {2015},
  issn      = {1909-8367},
  month     = {06},
  pages     = {62 - 70},
  volume    = {9},
  language  = {es},
  publisher = {scieloco},
  url       = {http://www.scielo.org.co/scielo.php?script=sci_arttext&pid=S1909-83672015000100009&nrm=iso},
}

@Misc{10902/9330,
  author   = {Gregorio Sáinz, Eduardo},
  month    = {10},
  title    = {SDN sobre redes IEEE 802.11: simulación mediante MiniNet-Wifi},
  year     = {2016},
  abstract = {RESUMEN: En este trabajo se pretende analizar las redes SDN (Software-Defined Networking) así como el protocolo OpenFlow. Para llevar a cabo este estudio, se utilizarán diferentes herramientas, como son: Mininet y Mininet-WiFi, ya que ésta última presenta novedades importantes como la incorporación de los modelos de movilidad. También se utilizará MiniEdit, se trata de la interfaz gráfica de Mininet que permite crear escenarios de forma más simple, por lo que se utilizará para la creación de alguno de esos escenarios, en cambio, otros escenarios se crearán mediante scripts de Python. Todo ésto irá acompañado del uso del controlador OpenDayLight, ya que se trata de un controlador con una interfaz gráfica muy avanzada y aporta diferentes ventajas con respecto a otros controladores. Por último, se empleará la herramienta Wireshark para la realización de capturas del tráfico OpenFlow.},
  url      = {http://hdl.handle.net/10902/9330},
}

@InProceedings{6411795,
  author    = {H. E. {Egilmez} and S. T. {Dane} and K. T. {Bagci} and A. M. {Tekalp}},
  booktitle = {Proceedings of The 2012 Asia Pacific Signal and Information Processing Association Annual Summit and Conference},
  title     = {OpenQoS: An OpenFlow controller design for multimedia delivery with end-to-end Quality of Service over Software-Defined Networks},
  year      = {2012},
  pages     = {1-8},
  url       = {https://ieeexplore.ieee.org/document/6411795},
}

@PhdThesis{navarro2017modelado,
  author = {Navarro Ojeda, Francisco Jos{\'e}},
  title  = {Modelado de Redes SDN con MININET},
  year   = {2017},
  url    = {http://hdl.handle.net/10251/88418},
}


@misc{alma991014010918704990,
abstract = {"Software defined networking (SDN) provides support for geographically distributed users, without having unused resources idle. This permits dynamic scaling of network services for peak times and supports service contraction during adverse operating conditions. This book presents a thoughtful discussion of the factors which led to the emergence of SDN, why SDN is vital to the growth and deployment of cloud-based computing systems, and what the impact of the SDN revolution will be. By tracing the data plane abstractions of layers into the SDN abstraction model, readers understand the importance of the SDN revolution"-- Provided by publisher.},
author = {Morreale, Patricia},
address = {Boca Raton},
booktitle = {Software defined networking : design and deployment},
isbn = {1-4987-6039-2},
keywords = {Software-defined networking (Computer network technology)},
language = {eng},
publisher = {CRC Press},
title = {Software defined networking : design and deployment },
}


@misc{rfc3746,
	series =	{Request for Comments},
	number =	3746,
	howpublished =	{RFC 3746},
	publisher =	{RFC Editor},
	doi =		{10.17487/RFC3746},
	url =		{https://rfc-editor.org/rfc/rfc3746.txt},
        author =	{Lily Yang and Todd A. Anderson and Ram Gopal and Ram Dantu},
	title =		{{Forwarding and Control Element Separation (ForCES) Framework}},
	pagetotal =	40,
	year =		2004,
	month =		apr,
	abstract =	{This document defines the architectural framework for the ForCES (Forwarding and Control Element Separation) network elements, and identifies the associated entities and their interactions. This is memo provides information for the Internet community.},
}

@article{openflowstanford,
author = {McKeown, Nick and Anderson, Tom and Balakrishnan, Hari and Parulkar, Guru and Peterson, Larry and Rexford, Jennifer and Shenker, Scott and Turner, Jonathan},
year = {2008},
month = {04},
pages = {69-74},
title = {OpenFlow: Enabling innovation in campus networks},
volume = {38},
journal = {Computer Communication Review},
doi = {10.1145/1355734.1355746}
}

@misc{OpenNetw57:online,
author = {},
title = {Open Networking Foundation web page},
howpublished = {\url{https://www.opennetworking.org/}},
month = {},
year = {},
note = {(Accessed on 07/05/2020)}
}

@misc{rfc6022,
	series =	{Request for Comments},
	number =	6022,
	howpublished =	{RFC 6022},
	publisher =	{RFC Editor},
	doi =		{10.17487/RFC6022},
	url =		{https://rfc-editor.org/rfc/rfc6022.txt},
        author =	{Martin Björklund and Mark Scott},
	title =		{{YANG Module for NETCONF Monitoring}},
	pagetotal =	28,
	year =		2010,
	month =		oct,
	abstract =	{This document defines a Network Configuration Protocol (NETCONF) data model to be used to monitor the NETCONF protocol. The monitoring data model includes information about NETCONF datastores, sessions, locks, and statistics. This data facilitates the management of a NETCONF server. This document also defines methods for NETCONF clients to discover data models supported by a NETCONF server and defines a new NETCONF \textless{}get-schema\textgreater{} operation to retrieve them. {[}STANDARDS-TRACK{]}},
}
@misc{CiscoDNA47:online,
author = {},
title = {Cisco DNA Center - Network Management and Automation - Cisco},
howpublished = {\url{https://www.cisco.com/c/en/us/products/cloud-systems-management/dna-center/index.html}},
month = {},
year = {},
note = {(Accessed on 07/06/2020)}
}

@misc{OpenvSwi96:online,
author = {},
title = {Open vSwitch},
howpublished = {\url{https://www.openvswitch.org/}},
month = {},
year = {},
note = {(Accessed on 07/06/2020)}
}

@misc{SDNTechn21:online,
author = {},
title = {SDN Technical Specifications | Open Networking Foundation},
howpublished = {\url{https://www.opennetworking.org/software-defined-standards/specifications/}},
month = {},
year = {},
note = {(Accessed on 07/06/2020)}
}

@misc{MininetA12:online,
author = {},
title = {Mininet: An Instant Virtual Network on your Laptop (or other PC) - Mininet},
howpublished = {\url{http://mininet.org/}},
month = {},
year = {},
note = {(Accessed on 07/06/2020)}
}

@misc{ns3adisc22:online,
author = {},
title = {ns-3 | a discrete-event network simulator for internet systems},
howpublished = {\url{https://www.nsnam.org/}},
month = {},
year = {},
note = {(Accessed on 07/06/2020)}
}

@book{cisco:10.5555/975411,
author = {Oppenheimer, Priscilla},
title = {Top-Down Network Design},
year = {2004},
isbn = {1587051524},
publisher = {Cisco Press},
edition = {2nd}
}


@misc{ListofOp48:online,
author = {},
title = {List of OpenFlow Software Projects},
howpublished = {\url{http://yuba.stanford.edu/~casado/of-sw.html}},
month = {},
year = {},
note = {(Accessed on 07/06/2020)}
}

@inproceedings{boulos:hal-00354947,
  TITLE = {{Perceptual Effects of Packet Loss on H.264/AVC Encoded Videos}},
  AUTHOR = {Boulos, Fadi and Parrein, Beno{\^i}t and Le Callet, Patrick and Hands, David S.},
  URL = {https://hal.archives-ouvertes.fr/hal-00354947},
  BOOKTITLE = {{Fourth International Workshop on Video Processing and Quality Metrics for Consumer Electronics VPQM-09}},
  ADDRESS = {Scottsdale, Arizona, United States},
  PAGES = {-},
  YEAR = {2009},
  MONTH = Jan,
  KEYWORDS = {Perceptual effects ; video quality ; subjective tests ; packet loss},
  PDF = {https://hal.archives-ouvertes.fr/hal-00354947/file/Boulos_Hands_Parrein_LeCallet_VPQM09.pdf},
  HAL_ID = {hal-00354947},
  HAL_VERSION = {v1},
}

@misc{DITG281M63:online,
author = {},
title = {D-ITG 2.8.1 Manual},
howpublished = {\url{http://www.grid.unina.it/software/ITG/manual/}},
month = {},
year = {},
note = {(Accessed on 09/07/2020)}
}

@misc{rfc4862,
	series =	{Request for Comments},
	number =	4862,
	howpublished =	{RFC 4862},
	publisher =	{RFC Editor},
	doi =		{10.17487/RFC4862},
	url =		{https://rfc-editor.org/rfc/rfc4862.txt},
        author =	{Dr. Thomas Narten and Tatsuya Jinmei and Dr. Susan Thomson},
	title =		{{IPv6 Stateless Address Autoconfiguration}},
	pagetotal =	30,
	year =		2007,
	month =		sep,
	abstract =	{This document specifies the steps a host takes in deciding how to autoconfigure its interfaces in IP version 6. The autoconfiguration process includes generating a link-local address, generating global addresses via stateless address autoconfiguration, and the Duplicate Address Detection procedure to verify the uniqueness of the addresses on a link. {[}STANDARDS-TRACK{]}},
}

@misc{Spanning33:online,
author = {},
title = {Spanning tree - Wikipedia, la enciclopedia libre},
howpublished = {\url{https://es.wikipedia.org/wiki/Spanning_tree}},
month = {},
year = {},
note = {(Accessed on 09/08/2020)}
}

@misc{Spanning54:online,
author = {},
title = {Spanning Tree — Ryubook 1.0 documentation},
howpublished = {\url{https://osrg.github.io/ryu-book/en/html/spanning_tree.html}},
month = {},
year = {},
note = {(Accessed on 09/08/2020)}
}

@misc{Cuantoco58:online,
author = {},
title = {Cuánto cobra un ingeniero informático | Blog UE},
howpublished = {\url{https://universidadeuropea.es/blog/cuanto-gana-un-ingeniero-informatico}},
month = {},
year = {},
note = {(Accessed on 09/08/2020)}
}

@misc{hoelzlet78:online,
author = {},
title = {OpenFlow @ Google},
howpublished = {\url{https://www.segment-routing.net/images/hoelzle-tue-openflow.pdf}},
month = {},
year = {},
note = {(Accessed on 09/08/2020)}
}
@Comment{jabref-meta: databaseType:bibtex;}
